@Article{govoni19,
  author = 	 {Govoni, Marco and Munakami, Milson and Tanikanti,
                  Aditya and Skone, Jonathan H. and Runesha,
                  Hakizumwami B. and Giberti, Federico and de Pablo,
                  Juan and Galli, Giulia},
  title = 	 {Qresp, a tool for curating, discovering and
                  exploring reproducible scientific papers},
  journal = 	 {Scientific Data},
  year = 	 2019,
  volume = 	 6,
  pages = 	 190002}

@Article{jain13,
  author = 	 {Anubhav Jain and Shyue Ping Ong and Geoffroy Hautier
                  and Wei Chen and William Davidson Richards and
                  Stephen Dacek and Shreyas Cholia and Dan Gunter and
                  David Skinner and Gerbrand Ceder and Kristin
                  Persson},
  title = 	 {Commentary: The Materials Project: A materials
                  genome approach to accelerating materials
                  innovation},
  journal = 	 {APL Materials},
  year = 	 2013,
  volume = 	 1,
  pages = 	 011002}

@misc{nomad,
  key = {Nomad repository},
  title = {Nomad repository},
  howpublished = {\texttt{https://nomad-repository.eu/}},
}

@Article{blaiszik16,
  author = 	 {B. Blaiszik and K. Chard and J. Pruyne and
                  R. Ananthakrishnan and S. Tuecken and I. Foster},
  title = 	 {The Materials Data Facility: Data services to
                  advance materials science research},
  journal = 	 {JOM},
  year = 	 2016,
  volume = 	 68,
  pages = 	 {2045--2052}}

@misc{springermaterials,
  key = {SpringerMaterials},
  title = {SpringerMaterials},
  howpublished = {\texttt{https://materials.springer.com/}},
}

@Article{curtarolo12,
  author = 	 {Wahyu Setyawan and Stefano Curtarolo},
  title = 	 {AFLOW: An automatic framework for high-throughput
                  materials discovery},
  journal = 	 {Comput. Mater. Sci.},
  year = 	 2012,
  volume = 	 58,
  pages = 	 {218--226}}

@Article{saal13,
  author = 	 {James E. Saal and Scott Kirklin and Muratahan Aykol
                  and Bryce Meredig and C. Wolverton},
  title = 	 {Materials Design and Discovery with High-Throughput
                  Density Functional Theory: The Open Quantum
                  Materials Database (OQMD)},
  journal = 	 {JOM},
  year = 	 2013,
  volume = 	 65,
  pages = 	 {1501}}
